@incollection{chapters/introduction,author={Kata Balogh and  Anja Latrouite  and  Robert D. Van Valin\TU\quotesinglbase \ Jr.},title={{Nominal anchoring: Introduction}},booktitle={{Nominal anchoring{: Specificity, definiteness and article systems across languages}}},editor={Kata Balogh and  Anja Latrouite   and  Robert D. Van Valin\TU\quotesinglbase \ Jr.},publisher={Language Science Press.},Address={Berlin},year={2020},pages={1--14},doi={10.5281/zenodo.4049677},keywords={withinvolume}}
@incollection{chapters/introductionfooter,author={Kata Balogh and  Anja Latrouite  and  Robert D. Van Valin\TU\quotesinglbase \ Jr.},title={{Nominal anchoring: Introduction}},booktitle={{Nominal anchoring{: Specificity, definiteness and article systems across languages}}},editor={Kata Balogh and  Anja Latrouite   and  Robert D. Van Valin\TU\quotesinglbase \ Jr.},publisher={Language Science Press.},Address={Berlin},year={2020},pages={1--14},doi={10.5281/zenodo.4049677},options={dataonly=true}}
@incollection{chapters/bisang,author={Walter Bisang  and  Kim Ngoc Quang },title={{(In)definiteness and Vietnamese classifiers}},booktitle={{Nominal anchoring{: Specificity, definiteness and article systems across languages}}},editor={Kata Balogh and  Anja Latrouite   and  Robert D. Van Valin\TU\quotesinglbase \ Jr.},publisher={Language Science Press.},Address={Berlin},year={2020},pages={15--49},doi={10.5281/zenodo.4049679},keywords={withinvolume}}
@incollection{chapters/bisangfooter,author={Walter Bisang  and  Kim Ngoc Quang },title={{(In)definiteness and Vietnamese classifiers}},booktitle={{Nominal anchoring{: Specificity, definiteness and article systems across languages}}},editor={Kata Balogh and  Anja Latrouite   and  Robert D. Van Valin\TU\quotesinglbase \ Jr.},publisher={Language Science Press.},Address={Berlin},year={2020},pages={15--49},doi={10.5281/zenodo.4049679},options={dataonly=true}}
@incollection{chapters/borik,author={Olga Borik and  Joan Borràs-Comes  and  Daria Seres },title={{Preverbal (in)definites in Russian: An experimental study}},booktitle={{Nominal anchoring{: Specificity, definiteness and article systems across languages}}},editor={Kata Balogh and  Anja Latrouite   and  Robert D. Van Valin\TU\quotesinglbase \ Jr.},publisher={Language Science Press.},Address={Berlin},year={2020},pages={51--80},doi={10.5281/zenodo.4049681},keywords={withinvolume}}
@incollection{chapters/borikfooter,author={Olga Borik and  Joan Borràs-Comes  and  Daria Seres },title={{Preverbal (in)definites in Russian: An experimental study}},booktitle={{Nominal anchoring{: Specificity, definiteness and article systems across languages}}},editor={Kata Balogh and  Anja Latrouite   and  Robert D. Van Valin\TU\quotesinglbase \ Jr.},publisher={Language Science Press.},Address={Berlin},year={2020},pages={51--80},doi={10.5281/zenodo.4049681},options={dataonly=true}}
@incollection{chapters/danziger,author={Eve Danziger  and  Ellen Contini-Morava},title={{Referential anchoring without a definite article: The case of Mopan (Mayan)}},booktitle={{Nominal anchoring{: Specificity, definiteness and article systems across languages}}},editor={Kata Balogh and  Anja Latrouite   and  Robert D. Van Valin\TU\quotesinglbase \ Jr.},publisher={Language Science Press.},Address={Berlin},year={2020},pages={81--113},doi={10.5281/zenodo.4049683},keywords={withinvolume}}
@incollection{chapters/danzigerfooter,author={Eve Danziger  and  Ellen Contini-Morava},title={{Referential anchoring without a definite article: The case of Mopan (Mayan)}},booktitle={{Nominal anchoring{: Specificity, definiteness and article systems across languages}}},editor={Kata Balogh and  Anja Latrouite   and  Robert D. Van Valin\TU\quotesinglbase \ Jr.},publisher={Language Science Press.},Address={Berlin},year={2020},pages={81--113},doi={10.5281/zenodo.4049683},options={dataonly=true}}
@incollection{chapters/heusinger,author={Klaus von Heusinger  and  Roya Sadeghpoor},title={{The specificity marker -$e$ with indefinite noun phrases in Modern Colloquial Persian}},booktitle={{Nominal anchoring{: Specificity, definiteness and article systems across languages}}},editor={Kata Balogh and  Anja Latrouite   and  Robert D. Van Valin\TU\quotesinglbase \ Jr.},publisher={Language Science Press.},Address={Berlin},year={2020},pages={115--147},doi={10.5281/zenodo.4049685},keywords={withinvolume}}
@incollection{chapters/heusingerfooter,author={Klaus von Heusinger  and  Roya Sadeghpoor},title={{The specificity marker -$e$ with indefinite noun phrases in Modern Colloquial Persian}},booktitle={{Nominal anchoring{: Specificity, definiteness and article systems across languages}}},editor={Kata Balogh and  Anja Latrouite   and  Robert D. Van Valin\TU\quotesinglbase \ Jr.},publisher={Language Science Press.},Address={Berlin},year={2020},pages={115--147},doi={10.5281/zenodo.4049685},options={dataonly=true}}
@incollection{chapters/schiattarella,author={Valentina Schiattarella},title={{Accent on nouns and its reference coding in Siwi Berber (Egypt)}},booktitle={{Nominal anchoring{: Specificity, definiteness and article systems across languages}}},editor={Kata Balogh and  Anja Latrouite   and  Robert D. Van Valin\TU\quotesinglbase \ Jr.},publisher={Language Science Press.},Address={Berlin},year={2020},pages={149--170},doi={10.5281/zenodo.4049687},keywords={withinvolume}}
@incollection{chapters/schiattarellafooter,author={Valentina Schiattarella},title={{Accent on nouns and its reference coding in Siwi Berber (Egypt)}},booktitle={{Nominal anchoring{: Specificity, definiteness and article systems across languages}}},editor={Kata Balogh and  Anja Latrouite   and  Robert D. Van Valin\TU\quotesinglbase \ Jr.},publisher={Language Science Press.},Address={Berlin},year={2020},pages={149--170},doi={10.5281/zenodo.4049687},options={dataonly=true}}
@incollection{chapters/skrzypek,author={Dominika Skrzypek},title={{Indirect anaphora in a diachronic perspective: The case of Danish and Swedish}},booktitle={{Nominal anchoring{: Specificity, definiteness and article systems across languages}}},editor={Kata Balogh and  Anja Latrouite   and  Robert D. Van Valin\TU\quotesinglbase \ Jr.},publisher={Language Science Press.},Address={Berlin},year={2020},pages={171--193},doi={10.5281/zenodo.4049689},keywords={withinvolume}}
@incollection{chapters/skrzypekfooter,author={Dominika Skrzypek},title={{Indirect anaphora in a diachronic perspective: The case of Danish and Swedish}},booktitle={{Nominal anchoring{: Specificity, definiteness and article systems across languages}}},editor={Kata Balogh and  Anja Latrouite   and  Robert D. Van Valin\TU\quotesinglbase \ Jr.},publisher={Language Science Press.},Address={Berlin},year={2020},pages={171--193},doi={10.5281/zenodo.4049689},options={dataonly=true}}
